%YAML 1.1
%TAG !u! tag:unity3d.com,2011:
--- !u!1 &45372292171528049
GameObject:
  m_ObjectHideFlags: 0
  m_CorrespondingSourceObject: {fileID: 0}
  m_PrefabInstance: {fileID: 0}
  m_PrefabAsset: {fileID: 0}
  serializedVersion: 6
  m_Component:
  - component: {fileID: 7714153493756983058}
  - component: {fileID: 4296424593392214938}
  m_Layer: 0
  m_Name: LevelManager
  m_TagString: Untagged
  m_Icon: {fileID: 0}
  m_NavMeshLayer: 0
  m_StaticEditorFlags: 0
  m_IsActive: 1
--- !u!4 &7714153493756983058
Transform:
  m_ObjectHideFlags: 0
  m_CorrespondingSourceObject: {fileID: 0}
  m_PrefabInstance: {fileID: 0}
  m_PrefabAsset: {fileID: 0}
  m_GameObject: {fileID: 45372292171528049}
  m_LocalRotation: {x: 0, y: 0, z: 0, w: 1}
  m_LocalPosition: {x: 0, y: 0, z: 0}
  m_LocalScale: {x: 1, y: 1, z: 1}
  m_Children: []
  m_Father: {fileID: 1485587604695603118}
  m_RootOrder: 2
  m_LocalEulerAnglesHint: {x: 0, y: 0, z: 0}
--- !u!114 &4296424593392214938
MonoBehaviour:
  m_ObjectHideFlags: 0
  m_CorrespondingSourceObject: {fileID: 0}
  m_PrefabInstance: {fileID: 0}
  m_PrefabAsset: {fileID: 0}
  m_GameObject: {fileID: 45372292171528049}
  m_Enabled: 1
  m_EditorHideFlags: 0
  m_Script: {fileID: 11500000, guid: 502cd95c9e2f86244b1540476596fe18, type: 3}
  m_Name: 
  m_EditorClassIdentifier: 
--- !u!1 &1485587604695603117
GameObject:
  m_ObjectHideFlags: 0
  m_CorrespondingSourceObject: {fileID: 0}
  m_PrefabInstance: {fileID: 0}
  m_PrefabAsset: {fileID: 0}
  serializedVersion: 6
  m_Component:
  - component: {fileID: 1485587604695603118}
  - component: {fileID: 1485587604695603119}
  m_Layer: 0
  m_Name: SO_DATA
  m_TagString: Untagged
  m_Icon: {fileID: 0}
  m_NavMeshLayer: 0
  m_StaticEditorFlags: 0
  m_IsActive: 1
--- !u!4 &1485587604695603118
Transform:
  m_ObjectHideFlags: 0
  m_CorrespondingSourceObject: {fileID: 0}
  m_PrefabInstance: {fileID: 0}
  m_PrefabAsset: {fileID: 0}
  m_GameObject: {fileID: 1485587604695603117}
  m_LocalRotation: {x: 0, y: 0, z: 0, w: 1}
  m_LocalPosition: {x: 0, y: 0, z: 0}
  m_LocalScale: {x: 1, y: 1, z: 1}
  m_Children:
  - {fileID: 1485587605800090064}
  - {fileID: 6580845024835185600}
  - {fileID: 7714153493756983058}
  m_Father: {fileID: 0}
  m_RootOrder: 0
  m_LocalEulerAnglesHint: {x: 0, y: 0, z: 0}
--- !u!114 &1485587604695603119
MonoBehaviour:
  m_ObjectHideFlags: 0
  m_CorrespondingSourceObject: {fileID: 0}
  m_PrefabInstance: {fileID: 0}
  m_PrefabAsset: {fileID: 0}
  m_GameObject: {fileID: 1485587604695603117}
  m_Enabled: 1
  m_EditorHideFlags: 0
  m_Script: {fileID: 11500000, guid: e9e2ea0358de110489f62dd647b1225d, type: 3}
  m_Name: 
  m_EditorClassIdentifier: 
  heroContainer: {fileID: 0}
  equipmentContainer: {fileID: 0}
  playerStatSO: {fileID: 0}
--- !u!1 &1485587605800090071
GameObject:
  m_ObjectHideFlags: 0
  m_CorrespondingSourceObject: {fileID: 0}
  m_PrefabInstance: {fileID: 0}
  m_PrefabAsset: {fileID: 0}
  serializedVersion: 6
  m_Component:
  - component: {fileID: 1485587605800090064}
  - component: {fileID: 1485587605800090065}
  m_Layer: 0
  m_Name: Data Gateway
  m_TagString: Untagged
  m_Icon: {fileID: 0}
  m_NavMeshLayer: 0
  m_StaticEditorFlags: 0
  m_IsActive: 1
--- !u!4 &1485587605800090064
Transform:
  m_ObjectHideFlags: 0
  m_CorrespondingSourceObject: {fileID: 0}
  m_PrefabInstance: {fileID: 0}
  m_PrefabAsset: {fileID: 0}
  m_GameObject: {fileID: 1485587605800090071}
  m_LocalRotation: {x: -0, y: -0, z: -0, w: 1}
  m_LocalPosition: {x: 1377, y: 513, z: 0}
  m_LocalScale: {x: 1, y: 1, z: 1}
  m_Children: []
  m_Father: {fileID: 1485587604695603118}
  m_RootOrder: 0
  m_LocalEulerAnglesHint: {x: 0, y: 0, z: 0}
--- !u!114 &1485587605800090065
MonoBehaviour:
  m_ObjectHideFlags: 0
  m_CorrespondingSourceObject: {fileID: 0}
  m_PrefabInstance: {fileID: 0}
  m_PrefabAsset: {fileID: 0}
  m_GameObject: {fileID: 1485587605800090071}
  m_Enabled: 1
  m_EditorHideFlags: 0
  m_Script: {fileID: 11500000, guid: 214d7447a15d82a469adf398a51bf74d, type: 3}
  m_Name: 
  m_EditorClassIdentifier: 
  heroPrefab_UI: {fileID: 8500880411809770647, guid: f0055590546e3704bbccf037fa0f224e, type: 3}
  heroSprite:
  - {fileID: 21300000, guid: 3e4bce5241c7642d392b39886c15f562, type: 3}
  - {fileID: 21300000, guid: 695bf1a0f9b004b57b57a6b3f78e4322, type: 3}
  - {fileID: 21300000, guid: f802ceda35f5c4662a240c6ceef56a64, type: 3}
  - {fileID: 21300000, guid: ee6c8f37bd0f143a89513cadc662c0b0, type: 3}
  - {fileID: 21300000, guid: 3f423f18bae754a7dbae893a08d00eef, type: 3}
  - {fileID: 21300000, guid: 19ede287137504ab8ab51ea773c382b2, type: 3}
  - {fileID: 21300000, guid: 03d60d02db2f54c029a14fa2d2ce097b, type: 3}
  slotPrefab_Ui: {fileID: 57290191742885759, guid: 81cb014cd931f5346bc7d04d989a8e2e, type: 3}
  attackDamage_Ui: {fileID: 8210710623258702861, guid: 3bc13645c6046ef41814f213fa7ab7f9, type: 3}
  defense_Ui: {fileID: 3378912636521432230, guid: 6f4ec595d3df91748852f7c5e32ae2b4, type: 3}
  farm_Ui: {fileID: 5446931303761990481, guid: 6fb31d0ff5a2e4e479ba57f15002d6bb, type: 3}
  sprite:
  - {fileID: 21300000, guid: 763bdf500c5c24f698f8e1839ab00640, type: 3}
  - {fileID: 21300000, guid: 5d2eb423b929748c4892d9ad33165f3b, type: 3}
  - {fileID: 21300000, guid: a90642d2da234404db4d59b6713d2e44, type: 3}
  - {fileID: 21300000, guid: 1c5845ce25b0c4731854613ea7dc67c6, type: 3}
--- !u!1 &4488244166455520781
GameObject:
  m_ObjectHideFlags: 0
  m_CorrespondingSourceObject: {fileID: 0}
  m_PrefabInstance: {fileID: 0}
  m_PrefabAsset: {fileID: 0}
  serializedVersion: 6
  m_Component:
  - component: {fileID: 6580845024835185600}
  - component: {fileID: 2205725667434260118}
  m_Layer: 0
  m_Name: Player Update Token Data
  m_TagString: Untagged
  m_Icon: {fileID: 0}
  m_NavMeshLayer: 0
  m_StaticEditorFlags: 0
  m_IsActive: 1
--- !u!4 &6580845024835185600
Transform:
  m_ObjectHideFlags: 0
  m_CorrespondingSourceObject: {fileID: 0}
  m_PrefabInstance: {fileID: 0}
  m_PrefabAsset: {fileID: 0}
  m_GameObject: {fileID: 4488244166455520781}
  m_LocalRotation: {x: 0, y: 0, z: 0, w: 1}
  m_LocalPosition: {x: 0, y: 0, z: 0}
  m_LocalScale: {x: 1, y: 1, z: 1}
  m_Children: []
  m_Father: {fileID: 1485587604695603118}
  m_RootOrder: 1
  m_LocalEulerAnglesHint: {x: 0, y: 0, z: 0}
--- !u!114 &2205725667434260118
MonoBehaviour:
  m_ObjectHideFlags: 0
  m_CorrespondingSourceObject: {fileID: 0}
  m_PrefabInstance: {fileID: 0}
  m_PrefabAsset: {fileID: 0}
  m_GameObject: {fileID: 4488244166455520781}
  m_Enabled: 1
  m_EditorHideFlags: 0
  m_Script: {fileID: 11500000, guid: fa64630476cbd9b4d9aad298591a81cd, type: 3}
  m_Name: 
  m_EditorClassIdentifier: 
  playerEquipedTokenContainer: {fileID: 0}
